@book{knuthart,
  title={The Art of Computer Programming},
  author={Knuth, D.E.},
  number={v. 3},
  isbn={9780201485417},
  lccn={73001830},
  series={Addison-Wesley Series in Computer Science and Information Processing},
  publisher={Addison-Wesley}
}

@book{fulton1997young,
  title={Young Tableaux: With Applications to Representation Theory and Geometry},
  author={Fulton, W.},
  isbn={9780521567244},
  lccn={95047484},
  series={London Mathematical Society Student Texts},
  year={1997},
  publisher={Cambridge University Press}
}

@book{lang2002algebra,
  title={Algebra.},
  author={Lang, S.},
  isbn={9780387953854},
  lccn={01054916},
  series={Graduate Texts in Mathematics Series},
  year={2002},
  publisher={Springer London, Limited}
}

